<record><leader>00000cas a22000007a 4500</leader><controlfield tag="001">11182071</controlfield><controlfield tag="008">840921d18421903ohuwr ne      0    0eng d</controlfield><datafield ind1=" " ind2=" " tag="010"><subfield code="a">sn 84028576 </subfield></datafield><datafield ind1=" " ind2=" " tag="040"><subfield code="a">NPY</subfield><subfield code="b">eng</subfield><subfield code="c">NPY</subfield><subfield code="d">NPX</subfield><subfield code="d">NPU</subfield><subfield code="d">ONP</subfield><subfield code="d">NVK</subfield><subfield code="d">OCL</subfield><subfield code="d">CRL</subfield><subfield code="d">OCLCQ</subfield><subfield code="d">OCLCF</subfield></datafield><datafield ind1="1" ind2=" " tag="029"><subfield code="a">AU@</subfield><subfield code="b">000020121313</subfield></datafield><datafield ind1=" " ind2=" " tag="042"><subfield code="a">msc</subfield></datafield><datafield ind1=" " ind2=" " tag="043"><subfield code="a">n-us-oh</subfield></datafield><datafield ind1=" " ind2=" " tag="090"><subfield code="a">AN</subfield></datafield><datafield ind1="0" ind2=" " tag="130"><subfield code="a">Guernsey times (Cambridge, Ohio : 1842)</subfield></datafield><datafield ind1="1" ind2="0" tag="245"><subfield code="a">Guernsey times.</subfield></datafield><datafield ind1=" " ind2=" " tag="260"><subfield code="a">Cambridge, Ohio :</subfield><subfield code="b">C.J. Albright,</subfield><subfield code="c">1842-1903.</subfield></datafield><datafield ind1=" " ind2=" " tag="300"><subfield code="a">v.</subfield></datafield><datafield ind1=" " ind2=" " tag="310"><subfield code="a">Weekly</subfield></datafield><datafield ind1="0" ind2=" " tag="362"><subfield code="a">Vol. 19, no. 1, (Dec. 24, 1842)-v. 79, no. 20 (May 7, 1903).</subfield></datafield><datafield ind1=" " ind2=" " tag="500"><subfield code="a">Whig, 1842-1854; Republican, 1855-1903.</subfield></datafield><datafield ind1=" " ind2=" " tag="500"><subfield code="a">Publisher varies: Taylor &amp; Taylor, &lt;July 21, 1881&gt;</subfield></datafield><datafield ind1=" " ind2=" " tag="525"><subfield code="a">Daily Guernsey times was published during the United Presbyterian General Assembly at Cambridge, commencing May 22, 1878; another Daily Guernsey times was published during the East Ohio Conference, M.E. Church, commencing Sept. 16, 1890.</subfield></datafield><datafield ind1=" " ind2=" " tag="530"><subfield code="a">Also issued on microfilm from Micro Photo, Inc.</subfield></datafield><datafield ind1=" " ind2=" " tag="580"><subfield code="a">Daily eds.: Daily Guernsey times (Cambridge, Ohio : 1883); Daily Guernsey times (Cambridge, Ohio : 1897).</subfield></datafield><datafield ind1=" " ind2=" " tag="588"><subfield code="a">Latest issue consulted: Vol. 79, no. 20 (May 7, 1903).</subfield></datafield><datafield ind1=" " ind2="0" tag="651"><subfield code="a">Cambridge (Ohio)</subfield><subfield code="v">Newspapers.</subfield></datafield><datafield ind1=" " ind2="0" tag="651"><subfield code="a">Guernsey County (Ohio)</subfield><subfield code="v">Newspapers.</subfield></datafield><datafield ind1=" " ind2="7" tag="655"><subfield code="a">Newspapers.</subfield><subfield code="2">fast</subfield><subfield code="0">(OCoLC)fst01423814</subfield></datafield><datafield ind1=" " ind2="7" tag="651"><subfield code="a">Ohio</subfield><subfield code="z">Cambridge.</subfield><subfield code="2">fast</subfield><subfield code="0">(OCoLC)fst01202886</subfield></datafield><datafield ind1=" " ind2="7" tag="651"><subfield code="a">Ohio</subfield><subfield code="z">Guernsey County.</subfield><subfield code="2">fast</subfield><subfield code="0">(OCoLC)fst01207986</subfield></datafield><datafield ind1=" " ind2=" " tag="752"><subfield code="a">United States</subfield><subfield code="b">Ohio</subfield><subfield code="c">Guernsey</subfield><subfield code="d">Cambridge.</subfield></datafield><datafield ind1="1" ind2=" " tag="770"><subfield code="t">Daily Guernsey times (Cambridge, Ohio : 1878)</subfield></datafield><datafield ind1="1" ind2=" " tag="770"><subfield code="t">Daily Guernsey times (Cambridge, Ohio : 1890)</subfield><subfield code="w">(DLC)sn 89076223</subfield></datafield><datafield ind1="1" ind2=" " tag="775"><subfield code="t">Daily Guernsey times (Cambridge, Ohio : 1883)</subfield><subfield code="w">(DLC)sn 84028578</subfield></datafield><datafield ind1="1" ind2=" " tag="775"><subfield code="t">Daily Guernsey times (Cambridge, Ohio : 1897)</subfield><subfield code="w">(DLC)sn 84028579</subfield></datafield><datafield ind1="0" ind2="0" tag="780"><subfield code="t">Guernsey County times</subfield><subfield code="w">(DLC)sn 84028575</subfield></datafield><datafield ind1="0" ind2="0" tag="785"><subfield code="t">Weekly Guernsey times</subfield><subfield code="w">(DLC)sn 84028577</subfield></datafield></record>